@misc{RTThread,
  title        = {RT-Thread Documentation},
  howpublished = {\url{https://www.rt-thread.org/document/site/#/}},
  note         = {Accessed: 2025-03-18}
}

@misc{meson_install,
    howpublished={\url{https://blog.csdn.net/fanyun_01/article/details/125511554}},
    title={Linux上Meson安装及使用meson.build-CSDN博客},
    author={fanyun\_01},
    year={2022},
    month={Jun}
} 

@misc{Cross_compiler,
    howpublished={\url{https://en.wikipedia.org/wiki/Cross_compiler}},
    journal={Wikipedia},
    publisher={Wikimedia Foundation},
    author={Wikipedia Contributors},
    year={2025},
    month={Feb}
} 


@misc{Wiki_Meson,
    howpublished={\url{https://en.wikipedia.org/wiki/Meson}},
    journal={Wikipedia},
    publisher={Wikimedia Foundation},
    author={Wikipedia Contributors},
    year={2025},
    month={Mar}
} 

@misc{meson_system,
    howpublished={\url{https://mesonbuild.com/}},
    title={The Meson Build system},
    author={mesonbuild}
} 

@misc{embedded,
    howpublished={\url{https://embeddedartistry.com/course/building-a-cross-platform-build-system-for-embedded-projects/}},
    title={Embedded Artistry},
    year={2023},
    month={Apr},
    author={embeddedartistry}
} 

@misc{RioTian,
    title={Meson入门指南之一 - Riotian - 博客园},
    howpublished={\url{https://www.cnblogs.com/RioTian/p/17984286}},
    journal={Meson入门指南之一}, 
    author={RioTian}
}

@misc{comparison,
    howpublished={\url{https://blog.csdn.net/nixnfg/article/details/122150017}},
    title={Meson、CMake、GNU Autotools、SCons、Bazel等构建系统比较_meson cmake-CSDN博客},
    year={2024},
    author={nixnfg}
} 

@misc{rttrust,
    title={TCZ717/rttrust: Rust Wrapper for RT-thread},
    howpublished={\url{https://github.com/tcz717/rttrust}},
    journal={GitHub},
    author={tcz717},
    year={2020}
} 
