@misc{RTThread,
  title        = {RT-Thread Documentation},
  howpublished = {\url{https://www.rt-thread.org/document/site/#/}},
  note         = {Accessed: 2025-03-18}
}

@book{yi2020design,
  title     = {The Design and Implementation of the RT-Thread Operating System},
  author    = {Yi, Qiu and Puxiang, Xiong and Zhu, Tianlong},
  year      = {2020},
  publisher = {Auerbach Publications}
}

@misc{Wikipedia_2025,
  title={Rust (programming language)},
  howpublished={\url{https://en.wikipedia.org/wiki/Rust_(programming_language)}},
  journal={Wikipedia},
  publisher={Wikimedia Foundation},
  year={2025},
  month={Mar}
}

@misc{Wikipedia_2023b,
  title={RT-Thread},
  howpublished={\url{https://en.wikipedia.org/wiki/RT-Thread}},
  journal={Wikipedia},
  publisher={Wikimedia Foundation},
  year={2023},
  month={Dec}
}


@article{sharma2023rust,
  title={Rust for embedded systems: current state, challenges and open problems},
  author={Sharma, Ayushi and Sharma, Shashank and Torres-Arias, Santiago and Machiry, Aravind},
  journal={arXiv preprint arXiv:2311.05063},
  year={2023}
}

@inproceedings{sharma2024rust,
  title={Rust for Embedded Systems: Current State and Open Problems},
  author={Sharma, Ayushi and Sharma, Shashank and Tanksalkar, Sai Ritvik and Torres-Arias, Santiago and Machiry, Aravind},
  booktitle={Proceedings of the 2024 on ACM SIGSAC Conference on Computer and Communications Security},
  pages={2296--2310},
  year={2024}
}

@article{胡霜2023rust,
  title={Rust 语言安全研究综述},
  author={胡霜 and 华保健 and 欧阳婉容 and 樊淇梁},
  journal={信息安全学报},
  volume={8},
  number={6},
  pages={64--83},
  year={2023}
}

@misc{Zhang,
  title={Rust 2022 全球商业化应用盘点},
  author={Zhang, Handong},
  howpublished={\url{https://rustmagazine.org/issue-1/2022-review-the-adoption-of-rust-in-business-zh/}},
  journal={Rust Magazine}
}


@misc{Lib.rs,
  title={Lib.rs Statistics},
  howpublished={\url{https://lib.rs/stats}},
  journal={Lib.rs}
}


@misc{17,
  author = {Zhang, Handong},
  howpublished = {\url{https://www.163.com/dy/article/GDB5DUVE0511FQO9.html}},
  title = {2021 年 Rust 行业调研报告},
  year = {2021}
}


@misc{15,
  author = {Min, Tu},
  howpublished = {\url{https://www.163.com/dy/article/IRIF4EC30511FQO9.html}},
  title = {Rust 为何会成为“香饽饽”？2023 年度 Rust 现状调查报告出炉！},
  year = {2024}
}


@misc{4,
  author = {Lei},
  howpublished = {\url{https://news.qq.com/rain/a/20250226A08ZK500}},
  title = {vivo蓝河操作系统创新赛：让Rust从“有潜力”到“真落地”的关键一跃},
  year = {2025}
}


@misc{2,
  author = {Hei},
  howpublished = {\url{https://news.mydrivers.com/1/1022/1022923.htm}},
  title = {2024年系统编程语言调查报告出炉：Rust稳居榜首},
  year = {2025}
}


@misc{Linux,
  author = {Michael Larabel},
  howpublished = {\url{https://www.phoronix.com/news/Greg-KH-On-New-Rust-Code}},
  title = {Greg Kroah-Hartman Makes A Compelling Case For New Linux Kernel Drivers To Be Written In Rust},
  year = {2025}
}